2070 2834
922 128 943 164 7

445 227 566 260 haecne
589 227 811 272 maritafides
833 236 865 261 ct
885 236 1003 273 pactae
1027 239 1060 261 m
1084 240 1174 262 sAvu
1197 238 1317 269 noctes,

495 296 567 316 cum
590 284 679 316 rudis
705 286 832 328 urgenti
855 283 1007 316 bracchia
1029 287 1121 317 victa
1144 285 1243 319 dedi?

143 340 252 372 similis
276 341 377 371 oratio
401 344 447 371 est
469 339 552 371 libro
566 350 616 371 1111
630 343 671 371 20
686 341 743 379 25,
767 342 824 384 qui
842 347 956 384 pactas
985 342 1019 372 in
1030 341 1175 382 foedera
1198 345 1322 388 ruperit
1342 355 1438 381 aras,
1464 344 1504 376 de
1529 356 1592 386 quo
1618 356 1712 378 versu

142 397 360 428 Lachmannus
384 397 555 427 rectissime
578 396 736 427 iudicavit.
782 398 860 427 savii
884 403 986 428 autem
1009 397 1168 429 vocabulo
1194 399 1378 441 Propertius
1399 402 1498 431 utitur
1523 400 1605 432 libro
1620 404 1710 434 11129

141 453 194 491 39,
216 451 313 488 dixit,
339 459 371 482 et
393 452 541 495 opposita
560 451 746 495 propellens
769 454 860 484 savia
882 451 1003 483 dextra
1025 453 1158 484 Prosilit
1179 455 1214 485 in
1238 453 1319 486 laxa
1343 457 1427 487 nixa
1446 455 1562 500 pedem
1586 456 1686 488 solea.

252 508 397 539 Miraturi
426 507 559 538 fortasse
588 518 651 538 nou
680 507 757 539 nulli
779 513 852 538 sunt
875 507 964 549 quod
989 508 1051 539 hoc
1081 508 1271 549 adiecimus,
1304 522 1396 542 usum
1422 522 1490 543 esse
1511 512 1710 554 Propertium

143 565 220 595 savii
243 562 411 594 vocabulo.
447 562 590 594 desinent
614 565 718 594 mirari
741 575 810 594 cum
835 563 1001 594 didicerint
1027 563 1178 596 Ovidium
1199 567 1231 596 in
1255 571 1302 597 tot
1324 578 1471 598 versuum
1495 567 1620 599 milibus
1642 580 1709 600 cre-

142 619 341 660 berrimaque
364 618 545 650 osculorum
571 621 868 651 commemoratione
898 619 976 650 illud
1000 620 1130 651 alterum
1153 620 1344 653 vocabulum
1375 633 1529 665 nusquam
1551 626 1706 665 posuisse.

143 674 200 707 sed
230 674 374 706 volumus
405 674 488 705 hunc
517 674 623 705 locum
653 677 830 706 accuratius
864 675 1026 717 explicare.
1072 677 1179 718 itaque
1215 682 1326 709 notum
1358 683 1406 709 est
1433 690 1496 720 quo
1529 679 1707 711 discrimine

141 731 331 774 grammatici
362 730 439 760 haec
461 729 619 761 vocabula
652 733 876 772 separaverint.
913 742 1047 772 quorum
1071 732 1218 763 Donatus
1243 732 1283 764 ad
1307 734 1447 765 Terentii
1470 735 1656 766 Eunuchum
1671 746 1708 767 111

144 788 196 818 23
219 787 296 817 haec
318 785 492 827 adscripsit,
518 787 579 817 tria
601 793 675 817 sunt
699 785 865 817 osculandi
881 798 1014 830 genera,
1041 787 1182 819 osculum
1206 790 1336 826 scilicet,
1364 789 1488 821 basium
1515 798 1547 821 et
1569 792 1704 822 savium.

142 841 250 874 oscula
272 841 451 886 officiorum
480 849 565 878 sunt,
597 841 690 873 basia
711 841 902 886 pudicorum
929 842 1120 884 affectuum,
1149 845 1239 875 savia
1268 844 1439 876 libidinum
1464 845 1522 877 vel
1545 858 1704 877 amorum.

143 898 272 930 Servius
294 903 396 929 autem
421 896 460 928 ad
484 897 698 939 Vergilianum
722 897 800 928 illud
825 899 901 929 Aen.
921 908 932 929 1
952 899 1015 930 256
1045 898 1154 930 oscula
1181 899 1292 932 libavit
1316 909 1414 932 natae
1438 902 1514 933 haec
1539 901 1708 941 adnotavit,

142 953 253 986 leviter
270 954 383 996 tetigit.
429 961 461 985 et
482 952 645 984 sciendum
667 953 807 984 osculum
828 953 990 997 religionis
1010 966 1089 991 esse,
1113 956 1234 987 savium
1257 955 1443 1000 voluptatis.
1489 959 1532 988 ita
1553 957 1709 1000 exemplar

142 1009 227 1041 Petri
248 1009 404 1041 Danielis:
430 1010 463 1040 in
488 1009 555 1040 aliis
578 1009 654 1040 haec
678 1008 782 1040 addita
807 1015 888 1047 sunt,
914 1011 1059 1054 quamvis
1083 1009 1216 1054 quidam
1241 1011 1382 1042 osculum
1393 1011 1479 1055 filiis
1502 1011 1588 1050 dari,
1611 1015 1710 1045 uxori

142 1063 277 1102 basium,
298 1072 400 1096 scorto
426 1066 549 1096 savium
565 1063 694 1096 dicant.-
720 1077 789 1096 cum
811 1065 926 1107 quibus
952 1067 1134 1106 conspirant
1164 1066 1356 1098 differentiae
1374 1068 1495 1107 Isidori,
1519 1069 1605 1100 inter
1618 1080 1709 1100 oscu-

143 1119 208 1152 lum
230 1128 262 1152 et
282 1132 408 1165 pacem.
453 1132 569 1163 pacem
590 1122 714 1157 amicis,
729 1120 816 1164 filiis
839 1120 979 1152 osculum
1001 1120 1076 1152 dati
1098 1120 1243 1158 dicimus,
1269 1122 1424 1154 uxoribus
1441 1123 1577 1161 basium,
1603 1132 1707 1156 scorto

141 1177 276 1208 savium.
323 1178 400 1207 item
424 1175 565 1207 osculum
587 1178 732 1208 caritatis
756 1184 820 1213 est,
853 1176 977 1208 basium
1009 1176 1205 1214 blanditiae,
1232 1179 1355 1209 savium
1384 1179 1573 1223 voluptatis.
1621 1178 1710 1224 quod

142 1231 274 1276 quidam
289 1233 388 1263 etiam
411 1231 558 1262 versibus
573 1231 622 1263 liis
638 1231 801 1269 distinxit,
826 1234 926 1263 Basia
949 1232 1146 1276 coniugibus,
1177 1233 1236 1265 sed
1256 1242 1286 1265 et
1307 1234 1415 1266 oscula
1437 1234 1558 1266 dantur
1579 1236 1703 1273 amicis,

142 1290 239 1320 Savia
263 1287 386 1319 lascivis
410 1289 583 1319 miscentur
601 1295 699 1330 grata
722 1287 856 1319 labellis.
903 1287 1010 1320 eadem
1035 1294 1087 1320 aut
1110 1288 1221 1320 similia
1237 1291 1267 1320 in
1285 1290 1491 1332 conpluribus
1510 1291 1604 1322 medii
1620 1291 1709 1333 quod

142 1343 256 1375 dicitur
278 1345 346 1375 aevi
369 1343 527 1385 glossariis
548 1345 758 1375 inveniuntur.
805 1354 886 1386 quae
910 1346 1059 1386 persequi
1081 1345 1245 1383 nolumus,
1278 1357 1347 1376 cum
1375 1351 1440 1377 tota
1470 1346 1523 1377 illa
1547 1346 1706 1378 distinctio

142 1399 267 1431 vacillet
290 1404 321 1430 et
343 1399 506 1430 claudicet.
553 1410 622 1430 nam
654 1405 684 1430 et
713 1399 814 1431 osculi
837 1399 1028 1430 vocabulum
1051 1401 1225 1442 generalius
1248 1407 1294 1432 est
1319 1406 1349 1432 et
1372 1401 1460 1432 basia
1486 1412 1552 1433 non
1575 1402 1709 1444 pudico-

142 1466 211 1487 rum
235 1459 351 1486 tantum
376 1454 555 1486 adfectuum
583 1460 657 1486 sunt
681 1460 712 1486 et
734 1467 858 1486 rursum
882 1457 967 1486 savia
992 1457 1082 1487 etiam
1107 1456 1230 1498 pudica.
1277 1467 1381 1499 neque
1406 1459 1565 1489 suavitatis
1589 1457 1707 1500 signifi-

143 1513 295 1542 cationem
317 1512 350 1541 in
372 1512 449 1541 savii
470 1510 629 1542 vocabulo
654 1510 812 1542 mentibus
836 1512 1054 1542 Romanorum
1079 1514 1276 1543 continenter
1298 1512 1495 1544 obversatam
1519 1524 1587 1545 esse
1604 1524 1706 1545 exem-

142 1567 194 1610 pla
218 1566 347 1598 docent:
374 1577 561 1608 quamquam
585 1578 602 1597 a
623 1569 715 1598 suavi
736 1566 820 1597 haud
843 1566 939 1598 dubie
961 1568 1083 1598 savium
1101 1566 1218 1599 dictum
1236 1574 1290 1607 est,
1316 1570 1425 1600 extrita
1441 1582 1461 1600 u
1478 1569 1588 1607 littera,
1614 1580 1706 1611 quam

142 1624 336 1664 antiquiores
365 1621 437 1653 libri
466 1633 532 1653 non
560 1622 663 1654 solent
694 1622 819 1654 addere.
865 1628 950 1654 recte
978 1624 1072 1664 igitur
1093 1623 1216 1655 Nonius
1242 1637 1273 1666 p.
1292 1624 1356 1655 424
1383 1623 1523 1657 osculum
1548 1627 1649 1666 inquit
1675 1631 1709 1657 et

141 1680 274 1714 savium,
298 1677 346 1709 his
360 1677 569 1709 intellectibus
586 1676 811 1709 discernuntur
824 1677 912 1722 quod
926 1677 967 1709 ab
982 1690 1037 1709 ore
1054 1678 1205 1716 osculum,
1230 1681 1353 1711 savium
1368 1692 1389 1711 a
1405 1682 1560 1712 suavitate
1576 1679 1704 1712 dicitur.

143 1736 251 1766 Varro
273 1732 313 1764 de
338 1734 409 1764 vita
427 1745 464 1777 p.
484 1735 525 1764 R.
547 1732 566 1765 l.
586 1732 735 1778 ‘ideoque
759 1733 818 1765 lzoc
839 1733 882 1765 ab
903 1747 957 1767 ore
981 1734 1099 1766 dicitur
1118 1734 1270 1771 osculum,
1296 1747 1362 1766 non
1385 1748 1406 1767 a
1429 1737 1595 1773 suavitate,
1622 1735 1706 1768 unde

141 1791 282 1826 savium,
308 1787 396 1833 quod
416 1788 518 1820 simile
535 1790 578 1820 sit
600 1790 756 1820 saviunt’:
787 1790 841 1821 ubi
862 1793 953 1832 primi
976 1791 1131 1822 Varronis
1154 1791 1227 1822 libri
1249 1802 1413 1822 numerum
1437 1791 1614 1823 addendum
1638 1803 1707 1824 esse

142 1846 276 1877 Rothius
301 1846 443 1876 coniecit.
490 1844 546 1876 sed
571 1845 775 1888 depravatum
800 1851 847 1877 est
872 1846 1013 1877 ultimum
1036 1847 1193 1878 Varronis
1216 1846 1364 1885 verbum,
1391 1858 1495 1889 neque
1523 1859 1603 1889 quae
1632 1848 1706 1880 olim

141 1905 290 1943 temptata
313 1905 386 1931 sunt
407 1900 537 1942 probari
559 1905 708 1943 possunt:
731 1907 877 1942 putamus
904 1903 1082 1934 Varronem
1107 1904 1269 1945 scripsisse
1294 1902 1377 1934 unde
1398 1904 1532 1940 savium,
1559 1903 1647 1948 quod
1659 1905 1707 1935 si-

142 1955 216 1988 mile
232 1957 273 1987 sit
288 1965 426 1987 sAVlLLO.
459 1956 574 1998 quodsi
595 1958 637 1988 ita
660 1958 793 1999 scripsit,
816 1968 882 1989 non
906 1959 995 1989 nimis
1019 1960 1096 1990 scite
1123 1958 1268 1990 vocabuli
1294 1960 1444 2001 originem
1469 1958 1624 1991 definivit:
1648 1959 1705 1991 sed

144 2016 266 2044 constat
287 2023 358 2043 eum
383 2014 414 2043 in
436 2012 627 2054 etymologia
648 2023 743 2054 saepe
765 2013 907 2044 similiter
929 2025 1087 2056 peccasse.
1133 2014 1276 2045 savillum
1300 2021 1411 2053 autem,
1436 2015 1523 2056 quod
1549 2026 1585 2046 ex
1607 2016 1706 2047 farina

143 2078 236 2099 caseo
259 2067 350 2099 melle
374 2078 435 2099 ovo
459 2068 659 2106 miscebatur,
684 2068 738 2099 ubi
760 2075 944 2111 percoctum
970 2076 1036 2101 erat
1060 2069 1152 2101 melle
1169 2070 1367 2112 unguebatur
1382 2082 1584 2113 papaverque
1601 2071 1706 2103 infria-

142 2123 243 2162 batur,
270 2128 304 2154 ut
329 2134 345 2154 e
370 2123 501 2155 Catonis
522 2126 568 2155 rei
593 2126 729 2155 rusticae
757 2127 857 2166 capite
880 2135 1016 2157 Lxxxmr
1042 2125 1203 2165 discimus,
1231 2132 1283 2157 aut
1310 2137 1327 2157 a
1353 2128 1443 2158 suavi
1467 2128 1583 2169 parlier
1610 2132 1706 2169 atque

142 2181 264 2212 savium
287 2179 404 2211 dictum
428 2185 474 2210 est
503 2185 555 2211 aut
579 2179 712 2211 sortasse
735 2180 775 2211 ab
799 2183 869 2223 ipso
893 2183 997 2218 savio,
1024 2192 1116 2223 quem
1141 2181 1180 2212 ad
1206 2181 1332 2213 modum
1356 2184 1457 2213 nostri
1479 2184 1613 2225 pistores
1636 2182 1706 2214 dul-

143 2237 229 2267 ciarii
258 2234 352 2267 basia
382 2235 507 2266 faciunt.
553 2237 631 2266 savii
658 2236 862 2278 saviandique
890 2236 994 2268 verbis
1025 2239 1217 2278 antiquiores
1242 2243 1356 2279 poetae
1386 2243 1416 2268 et
1447 2240 1616 2280 scriptores
1640 2250 1705 2271 non

143 2292 245 2323 minus
268 2292 318 2322 usi
341 2296 413 2322 sunt
434 2302 527 2333 quam
550 2291 655 2322 verbis
681 2292 782 2323 osculi
807 2298 837 2323 et
854 2291 1026 2324 osculandi.
1074 2294 1181 2334 itaque
1202 2296 1324 2325 savium
1349 2293 1434 2335 apud
1450 2293 1593 2325 Plautum
1610 2306 1704 2337 saepe

142 2347 274 2389 legitur,
305 2351 532 2389 praetereaque
564 2348 596 2378 in
623 2347 816 2379 Bacchidum
843 2347 986 2379 versibus
1019 2348 1080 2379 116
1108 2354 1138 2379 et
1167 2351 1228 2380 120
1257 2360 1274 2380 a
1305 2348 1494 2380 Godofredo
1523 2350 1703 2383 Hermanno

143 2403 366 2435 suavisaviazio
390 2402 521 2445 pulchre
541 2404 685 2434 restituta
708 2408 755 2435 est
778 2403 923 2446 idemque
946 2403 1150 2444 vocabulum,
1175 2404 1263 2447 quod
1287 2407 1319 2436 in
1343 2405 1509 2437 Bacchisin
1533 2405 1626 2448 plane
1649 2417 1704 2438 ne-
