2070 2834
917 134 939 169 5

148 242 310 284 scripsisse
333 244 458 282 poetam
480 239 602 280 putavit
626 249 751 269 rumore
775 247 874 279 vago,
900 235 932 267 id
956 235 1043 277 quod
1067 241 1172 277 aptum
1199 241 1243 266 est
1269 240 1299 266 et
1322 237 1395 267 satis
1420 235 1593 277 probabile.
1628 237 1708 267 Bur-

147 308 277 329 mannus
305 297 386 327 enim
418 294 496 326 dum
529 293 640 325 adlatis
671 293 791 335 aliquot
824 291 1013 323 carminibus
1042 293 1072 322 in
1095 291 1211 334 quibus
1237 302 1347 322 rumor
1368 303 1434 322 non
1458 291 1559 323 bonus
1583 292 1706 333 aliaque

148 352 257 384 similia
281 351 429 382 dicuntur
453 351 576 381 Francii
599 351 809 391 suspicionem
834 347 956 379 elevare
978 347 1037 378 sibi
1061 347 1194 385 videtur,
1218 358 1281 377 rem
1307 349 1375 388 egit,
1398 353 1431 378 ut
1447 358 1550 388 saepe,
1574 349 1709 378 oscitan-

147 414 203 440 ter.
237 418 308 438 nam
333 406 394 437 dici
413 417 509 448 posse
528 406 639 436 Latine
660 404 780 436 malum
804 415 963 435 rumorem
984 414 1075 434 nemo
1102 402 1257 433 dubitabit
1281 408 1449 444 potestque
1473 403 1503 434 id
1523 402 1620 433 multo
1639 402 1708 444 plu—

146 463 234 495 ribus
259 474 351 504 quam
373 463 554 492 Burmanno
577 467 704 503 praesto
731 461 857 491 fuerunt
881 458 1027 500 exemplis
1051 458 1236 496 confirmari,
1262 458 1316 489 sed
1341 458 1414 488 huic
1436 460 1562 488 carmini
1586 459 1709 489 minime

146 521 368 550 convenienter
393 517 515 548 dicitur.
557 518 612 558 qui
636 518 716 547 enim
740 515 812 546 mali
836 517 969 546 rumoris
994 525 1087 545 causa
1115 525 1183 545 esse
1205 515 1306 555 possit
1331 513 1419 554 quod
1450 513 1562 544 Gallus
1586 515 1709 545 omissis

146 574 328 617 vulgaribus
352 573 510 604 amoribus
535 574 587 603 uni
607 574 664 602 iam
693 571 825 613 puellae,
849 576 882 602 ut
905 572 972 612 ipse
995 570 1180 611 Propertius
1203 569 1373 611 Cynthiae,
1399 569 1523 600 deditus
1547 575 1592 600 est
1616 571 1709 611 cique

146 635 206 662 tam
229 629 379 671 pulchrae
402 634 432 660 et
453 633 604 659 venustae
621 632 654 658 ut
671 629 795 658 summis
813 638 879 657 eam
896 631 989 667 poeta
1006 624 1152 657 laudibus
1170 624 1314 656 extollat?
1338 624 1453 656 deinde
1470 627 1495 655 si
1512 625 1562 656 vel
1581 627 1709 656 maxime

147 688 173 717 is
196 696 305 716 rumor
330 685 438 716 haberi
461 689 569 726 posset
595 683 709 720 malus,
737 688 838 713 tamen
862 682 912 713 hie
935 683 1039 723 inepte
1064 681 1234 719 diceretur,
1258 680 1314 711 ubi
1339 680 1418 711 sama
1443 683 1547 722 potius
1572 680 1709 712 obscura

147 746 178 772 et
208 742 327 772 incerta
359 745 462 771 certae
490 741 534 770 rei
565 740 735 780 cognitioni
766 737 956 780 opponenda
988 742 1061 768 erat.
1107 747 1211 779 neque
1244 746 1321 767 vero
1352 738 1466 767 rectius
1500 737 1707 778 coniungeres

147 796 232 828 malo
256 807 393 839 augure,
423 806 491 826 cum
516 805 582 825 nou
613 793 697 824 malo
726 793 893 824 dicendum
917 799 1006 830 esset,
1032 792 1087 823 sed
1103 791 1236 833 fallaci.
1272 793 1378 833 itaque
1400 793 1581 833 Propertius
1606 803 1710 833 neque

147 862 302 883 rumorem
327 862 430 892 neque
455 861 601 892 augurem
627 849 739 880 malum
765 849 846 887 dixit,
871 848 926 879 sed
950 854 1002 879 aut
1028 848 1126 879 levem
1152 854 1181 878 et
1205 849 1357 878 incertum
1380 859 1545 884 rumorem,
1567 847 1598 878 id
1623 847 1710 889 quod

147 908 269 938 Francii
292 906 369 937 illud
390 918 477 949 vago
501 910 646 947 praestat,
672 911 724 936 aut
746 907 879 936 rumoris
902 904 1070 941 vocabulo,
1099 903 1186 944 quod
1210 903 1298 934 nullo
1323 903 1459 944 epitheto
1483 902 1610 944 indiget,
1635 903 1710 933 nihil

148 963 269 1000 adiecit,
294 962 349 993 sed
374 962 463 993 aliter
488 963 660 992 orationem
686 961 902 992 conformavit.
950 959 1092 990 videmur
1115 964 1218 989 autem
1244 958 1337 989 nobis
1361 960 1531 989 mutatione
1555 958 1710 990 lenissima

147 1018 179 1050 id
203 1018 290 1060 quod
312 1019 493 1060 Propertius
518 1019 642 1058 scripsit
664 1018 837 1053 restituere,

449 1072 528 1104 haec
551 1084 607 1115 ego
632 1084 697 1103 non
722 1083 848 1103 rumore
873 1081 938 1108 Alo,
961 1082 1026 1102 non
1050 1082 1170 1113 augure
1194 1069 1317 1100 doctus.

147 1130 249 1161 littera
272 1131 351 1161 enim
376 1139 458 1170 quae
481 1134 527 1159 est
555 1130 567 1158 i
590 1130 648 1159 iam
674 1130 706 1159 in
730 1139 766 1158 ea
787 1129 939 1168 scriptura
957 1138 1048 1168 quam
1069 1127 1310 1167 Merovingicam
1333 1127 1484 1156 cursivam
1501 1125 1635 1156 technici
1655 1124 1709 1156 ad-

147 1185 272 1228 pellant,
296 1184 410 1216 deinde
435 1186 582 1225 proximis
611 1183 745 1214 saeculis
768 1194 862 1224 saepe
885 1193 1016 1213 numero
1041 1193 1165 1213 sursum
1190 1181 1376 1223 producitur
1398 1184 1439 1212 ita
1465 1187 1495 1212 ut
1513 1180 1552 1212 ab
1574 1180 1586 1212 l
1607 1181 1708 1212 littera

146 1252 248 1283 paene
271 1240 345 1271 nihil
370 1240 471 1271 distet.
508 1251 572 1281 quo
598 1239 710 1270 factum
735 1245 781 1270 est
805 1244 839 1269 ut
859 1238 972 1269 deiude
999 1237 1210 1280 lsaepissime
1238 1237 1427 1268 scriberetur
1458 1237 1511 1268 ubi
1535 1239 1547 1267 ι’
1570 1236 1710 1267 scriben-

148 1296 222 1328 dum
246 1301 321 1327 erat.
352 1295 450 1326 veluti
473 1297 503 1326 in
527 1295 588 1326 hoc
611 1297 683 1337 ipso
708 1295 863 1336 Propertii
888 1296 1021 1324 carmine
1044 1305 1073 1324 v.
1093 1294 1128 1324 16
1145 1293 1376 1334 Neapolitanus
1392 1292 1471 1324 liber
1487 1298 1617 1334 propter
1633 1303 1709 1323 eun-

148 1351 217 1384 dem
244 1363 382 1383 errorem
406 1350 528 1382 inlectis
561 1350 670 1388 habet,
695 1352 829 1381 carmine
855 1351 892 1380 18
907 1351 989 1380 v.16
1015 1348 1153 1386 delectis,
1175 1348 1257 1379 libro
1276 1359 1298 1379 ιι
1323 1350 1458 1379 carmine
1475 1350 1493 1380 9
1510 1360 1538 1378 v.
1557 1352 1574 1378 2
1600 1347 1708 1380 electo.

146 1410 253 1449 itaque
277 1409 330 1449 qui
354 1409 385 1438 in
408 1406 462 1437 illo
485 1407 642 1438 versiculo
665 1405 717 1437 alo
742 1406 844 1448 legere
869 1405 929 1436 sibi
956 1404 1116 1435 videretur
1138 1415 1241 1445 neque
1265 1404 1457 1446 intellegeret
1480 1406 1628 1445 scriptum
1653 1415 1710 1445 po-

148 1466 209 1495 tius
238 1474 306 1494 esse
335 1464 388 1493 aio
416 1462 575 1503 velletque
605 1463 740 1493 orationi
769 1462 952 1492 sententiam
983 1461 1118 1502 aliquam
1146 1462 1338 1502 carminique
1366 1471 1515 1491 numeros
1541 1471 1616 1490 suos
1639 1459 1711 1490 red-

148 1518 232 1557 dere,
253 1529 318 1549 non
340 1520 451 1549 mirum
475 1524 522 1549 est
546 1520 571 1548 si
595 1529 722 1548 rumore
745 1517 829 1548 malo
857 1518 991 1559 scripsit,
1015 1522 1048 1546 ut
1073 1521 1182 1557 captus
1206 1522 1271 1547 erat
1294 1515 1502 1547 librariorum.
1539 1514 1577 1546 de
1602 1514 1710 1546 eadem

148 1580 250 1606 autem
268 1574 366 1616 elegia
385 1575 474 1605 cuius
494 1573 683 1605 versiculum
710 1575 899 1604 correximus
925 1572 1066 1603 videmur
1086 1571 1205 1613 aliquid
1228 1583 1324 1613 posse
1348 1572 1463 1602 utiliter
1489 1570 1612 1602 addere.
1640 1582 1709 1602 nam

148 1634 313 1672 postquam
339 1630 523 1671 Propertius
549 1629 676 1661 Gallum
699 1630 830 1660 maximo
848 1628 973 1670 puellae
999 1639 1104 1658 amore
1129 1627 1239 1658 ardere
1264 1627 1346 1666 dixit,
1371 1630 1412 1658 ita
1436 1629 1544 1669 pergit,
1572 1628 1598 1657 si
1621 1626 1709 1658 libris

149 1685 348 1723 confidimus,

447 1753 506 1772 nec
529 1743 657 1777 mirum,
683 1753 754 1771 cum
776 1742 817 1771 sit
841 1743 917 1771 Iove
939 1738 1039 1782 digna.
1062 1746 1093 1769 et
1113 1740 1269 1781 proxima
1294 1737 1411 1775 Ledae,

499 1804 530 1828 et
554 1795 659 1827 Ledae
679 1804 778 1839 partu
799 1798 934 1839 gratior,
961 1807 1026 1825 ιιιια
1050 1793 1163 1831 tribus,

454 1851 511 1882 illa
535 1854 575 1883 sit
601 1851 743 1883 Inachiis
766 1859 798 1882 et
822 1850 975 1882 blandior
999 1849 1152 1886 heminis,

501 1907 558 1939 illa
581 1909 645 1939 suis
669 1907 780 1939 verbis
804 1915 898 1950 cogat
922 1919 1033 1938 amare
1058 1910 1180 1938 Iovem.

148 1963 204 1996 sed
226 1964 276 1995 hic
297 1965 375 1994 Iove
397 1961 517 2006 dignae
530 1964 686 2007 proxima
712 1962 816 1994 Ledae
844 1963 996 1994 Nicolaus
1021 1963 1168 1993 Heinsius
1192 1963 1353 1992 verissime
1378 1962 1517 2002 scripsit,
1543 1972 1635 2002 quem
1661 1972 1709 1992 se-

149 2025 240 2051 cutus
265 2030 348 2050 anuo
373 2029 499 2050 mcccxv
523 2019 741 2050 Lachmannus
758 2024 842 2049 recte
874 2021 915 2049 ait
939 2017 1083 2061 'dignam
1108 2020 1184 2048 Iove
1209 2017 1345 2059 puellam
1369 2018 1482 2048 frustra
1499 2022 1612 2054 narrat,
1640 2027 1708 2047 cum

150 2080 300 2116 sequatur
324 2073 389 2105 Illa
412 2075 476 2105 suis
499 2073 609 2106 verbis
633 2082 726 2117 cogat
749 2086 859 2105 amare
886 2073 1018 2105 Iovem.l
1055 2084 1121 2104 non
1149 2074 1208 2104 fuit
1233 2074 1314 2104 enim
1339 2078 1399 2103 tam
1423 2073 1571 2114 pauperis
1595 2074 1710 2114 ingenii

149 2131 332 2172 Propertius
356 2135 389 2161 ut
411 2132 500 2161 nimis
522 2130 632 2161 similia
659 2132 700 2160 ita
726 2132 936 2172 coniungeret.
973 2141 1050 2171 quas
1073 2140 1170 2171 nugas
1194 2128 1418 2170 Hertzbergius
1443 2130 1473 2159 in
1492 2128 1553 2158 hoc
1576 2127 1709 2159 disticho

149 2187 340 2218 coacervarit
364 2196 521 2226 exponere
544 2196 660 2227 operae
687 2187 820 2227 pretium
844 2197 908 2216 non
933 2191 988 2217 cst.
1035 2196 1141 2216 verum
1163 2185 1380 2215 Lachmannus
1406 2194 1535 2225 quoque
1561 2195 1630 2215 cum
1647 2189 1710 2215 tres

150 2241 212 2273 dici
235 2241 351 2272 Ledam
377 2252 446 2271 cum
470 2241 592 2272 Helena
613 2247 642 2272 et
661 2241 911 2282 Clytaemnestra
935 2243 1063 2282 putavit,
1087 2240 1194 2282 lapsus
1218 2246 1264 2271 est
1289 2252 1346 2282 per
1370 2251 1517 2271 errorem.
1563 2250 1633 2270 nam
1655 2241 1711 2280 qui

150 2296 286 2338 puellam
307 2296 404 2327 modo
428 2296 534 2327 Ledae
557 2299 728 2338 proximam
754 2297 871 2328 dixerat
896 2307 960 2327 non
982 2298 1085 2338 potuit
1106 2298 1151 2326 sic
1179 2299 1328 2327 continuo
1347 2295 1478 2326 eandem
1495 2295 1602 2326 eadem
1625 2294 1712 2326 Leda

149 2354 314 2394 gratiorem
337 2352 450 2383 dicere.
496 2363 571 2383 vera
595 2354 736 2383 carminis
762 2354 986 2394 interpretatio,
1009 2363 1110 2393 quam,
1132 2354 1190 2383 nisi
1213 2352 1358 2389 fallimur,
1383 2353 1474 2382 etiam
1493 2351 1710 2382 Lachmannus

151 2413 261 2450 postea
283 2410 414 2446 invenit,
439 2407 517 2439 haec
541 2414 588 2439 est
618 2413 652 2439 ut
676 2407 781 2440 Ledae
809 2414 932 2450 partum
957 2414 1018 2439 tres
1040 2409 1107 2439 eius
1131 2407 1212 2439 filias
1237 2418 1305 2439 esse
1328 2406 1552 2449 intellegamus.
1600 2409 1711 2438 etenim
