2070 2834
501 422 935 466 VNIVERSITATIS
975 422 1350 464 LITTERARIAE

650 498 918 530 FRIDERICAE
941 498 1193 530 GvnAELMAE

576 563 826 613 RECTOR
867 582 925 611 ET
964 562 1269 612 SENATVS.

145 696 251 782 Sex.
269 747 423 788 Propertii
448 745 513 777 duo
533 750 636 776 extant
658 744 789 776 disticha
814 743 925 776 eodem
943 755 1008 786 quo
1025 749 1120 787 poeta
1143 746 1217 776 vixit
1235 743 1363 775 saeculo
1385 743 1494 775 litteris
1516 744 1706 785 consignata.

138 803 170 833 in
194 804 315 844 pariete
339 803 419 833 enim
446 800 594 832 basilicae
624 801 836 843 Pompeianae
868 806 941 843 post
971 800 1053 832 duos
1086 800 1195 831 Ovidii
1218 811 1328 832 versus
1354 800 1382 831 hi
1399 786 1483 830 *duo*
1508 799 1706 840 Propertiaui

139 859 247 900 scripti
271 862 353 895 sunt,

443 910 575 933 1AN1T0R
596 911 638 932 An
661 910 777 932 DANTJS
802 911 930 932 vicum*
954 910 982 931 81
1001 910 1116 932 PVLSAT
1144 909 1249 932 umus

492 966 606 988 svnnvs
632 967 665 988 ΙΝ
690 966 864 988 OBDVCTAM
890 966 1031 988 SOMNIET
1053 966 1152 994 stvr⁴
1175 966 1288 994 samm,

139 1015 192 1056 qui
214 1024 325 1045 versus
348 1023 385 1044 ex
408 1013 506 1055 elegia
531 1012 628 1044 ultimi
652 1012 724 1044 libri
750 1014 859 1055 quinta
882 1011 1037 1054 desumpti
1061 1018 1142 1050 sunt,
1166 1011 1220 1042 ubi
1249 1017 1357 1043 nostra
1381 1010 1569 1053 exemplaria
1592 1009 1705 1042 dantes

140 1075 170 1100 et
188 1069 294 1114 pulset
317 1068 448 1105 habent;
474 1070 504 1099 in
528 1068 587 1099 alia
612 1074 714 1100 autem
737 1070 891 1110 parietum
914 1067 1063 1099 basilicae
1087 1073 1176 1109 parte
1198 1068 1259 1099 hoc
1283 1067 1438 1099 distichon
1462 1067 1579 1108 elegiae
1602 1071 1707 1098 sextae

141 1124 278 1156 decimae
302 1124 374 1156 libri
399 1126 500 1166 quarti
524 1124 644 1165 legitur,

442 1189 583 1217 Qstws
608 1189 743 1210 AMATOR
765 1189 838 1210 13an
863 1188 1016 1210 scx'TmAE
1040 1189 1130 1210 LICET
1151 1188 1299 1210 AMBVLET
1328 1187 1399 1209 oms

492 1245 583 1266 NEMO
608 1245 694 1267 ADEo
717 1245 757 1267 VT
781 1245 895 1266 FEmA'r
919 1244 1076 1266 BARBARVS
1100 1244 1171 1265 ESSE
1196 1243 1307 1265 VOLET,

141 1297 234 1334 atque
256 1292 306 1322 hic
327 1291 452 1333 quidem
474 1293 505 1322 in
528 1293 645 1322 nostris
670 1290 757 1322 libris
779 1290 929 1333 scythicis
958 1301 1063 1332 neque
1076 1291 1185 1331 feriat
1209 1289 1264 1321 sed
1289 1290 1397 1321 melius
1421 1298 1534 1321 noceat
1558 1293 1705 1333 scriptum

141 1353 195 1379 est.
226 1353 393 1389 utrumque
419 1347 575 1378 distichon
597 1347 706 1378 litteris
731 1348 797 1378 suis
823 1348 1070 1389 repraesentavit
1093 1346 1344 1388 Christophorus
1367 1345 1648 1378 Wordsworthius
1675 1349 1707 1378 in

139 1403 395 1445 inscriptionibus
419 1403 617 1445 Pompeianis
639 1414 669 1444 p.
684 1403 701 1437 7
725 1408 753 1434 et
779 1404 826 1434 19.
851 1402 1002 1433 vellemus
1026 1408 1127 1433 autem
1152 1402 1293 1432 homines
1312 1401 1383 1431 illos
1409 1402 1616 1443 Pompeianos
1642 1414 1706 1433 non

141 1459 186 1490 his
209 1459 371 1490 versiculis
401 1458 456 1489 sed
485 1469 550 1489 non
579 1458 672 1489 nullis
702 1469 738 1489 ex
770 1460 813 1489 eis
839 1460 893 1499 qui
918 1460 948 1489 in
976 1459 1253 1500 Propertianorum
1284 1458 1454 1487 carminum
1480 1458 1706 1499 exemplaribus

142 1515 302 1557 depravati
328 1519 400 1545 sunt
421 1516 556 1556 parietes
581 1513 843 1545 conscribillasse.
889 1513 986 1545 veluti
1010 1513 1118 1555 paullo
1142 1518 1216 1554 post
1239 1512 1369 1543 alterum
1396 1512 1549 1544 distichon
1567 1515 1642 1544 haec
1659 1524 1707 1544 se-

143 1577 270 1609 cuntur,
298 1572 454 1613 sanguine
487 1578 554 1601 tam
574 1581 676 1614 parvo
701 1571 772 1614 quis
796 1571 882 1600 enim
905 1577 1079 1613 spargatur
1106 1569 1247 1599 amantis
1280 1567 1478 1611 Improlms?
1506 1568 1643 1600 exclusis
1661 1569 1708 1612 fit

141 1638 244 1658 comes
268 1627 338 1670 ipsa
363 1628 491 1662 Venus;
528 1628 558 1656 in
584 1625 699 1667 quibus
726 1627 800 1666 quin
823 1624 962 1656 exclusis
987 1623 1138 1655 mendose
1163 1626 1312 1665 scriptum
1338 1626 1376 1654 sit
1400 1623 1545 1655 dubitare
1569 1626 1708 1665 ineptum

143 1688 197 1720 est,
222 1687 335 1713 certam
357 1681 506 1713 vocabuli
529 1681 777 1712 emendationem
803 1680 943 1711 nondum
961 1682 1127 1721 quisquam
1144 1681 1274 1711 invenit:
1300 1690 1487 1721 quamquam
1505 1680 1591 1721 quod
1610 1681 1708 1711 Lach-

141 1748 273 1769 mannus
301 1737 499 1768 scribendum
532 1738 714 1768 existimavit
743 1744 775 1767 et
803 1747 926 1774 cursus,
950 1747 1053 1777 neque
1077 1735 1192 1766 nullam
1221 1735 1314 1765 habet
1337 1737 1403 1765 veri
1427 1735 1656 1766 similitudinem
1679 1741 1708 1767 et

141 1793 271 1825 multum
297 1798 381 1824 certe
404 1799 540 1835 praestat
564 1791 707 1823 futilibus
732 1794 913 1823 commentis
931 1802 1012 1833 quae
1029 1797 1138 1832 postca
1158 1790 1197 1821 ad
1215 1791 1298 1821 hunc
1314 1801 1436 1822 versum
1456 1791 1611 1833 adscripta
1628 1797 1708 1822 sunt.

142 1860 207 1880 non
230 1851 338 1880 mirum
364 1855 410 1880 est
442 1855 543 1879 autem
567 1853 734 1890 postquam
765 1859 782 1879 e
814 1848 971 1889 Propertii
1000 1846 1188 1878 carminibus
1212 1846 1308 1877 multa
1333 1846 1443 1877 menda
1469 1847 1508 1878 ab
1533 1847 1618 1878 Italis
1641 1858 1708 1878 sae-

143 1905 216 1936 culo
242 1906 351 1946 quinto
374 1904 504 1942 decimo,
527 1903 622 1935 multa
646 1905 794 1945 proximis
818 1903 951 1934 saeculis
980 1902 1018 1934 ab
1044 1903 1111 1933 aliis
1140 1908 1169 1933 et
1190 1908 1297 1933 nostra
1327 1908 1426 1933 aetate
1455 1914 1470 1933 a
1499 1903 1707 1941 Lachmanno,

143 1971 209 1992 non
230 1960 317 1991 nulla
342 1962 431 1991 etiam
457 1965 528 2001 post
552 1961 781 1991 Lachmannum
808 1959 930 1990 sublata
955 1964 1040 1996 sunt,
1068 1964 1168 1989 tamen
1199 1958 1282 1988 haud
1309 1969 1428 2000 paucos
1458 1969 1566 1989 versus
1590 1964 1709 1990 restare

144 2027 226 2058 quos
249 2018 290 2047 ita
316 2022 348 2047 ut
369 2016 514 2057 leguntur
536 2027 601 2046 non
627 2017 763 2057 scriptos
787 2026 855 2046 esse
878 2026 893 2045 a
921 2020 1016 2056 poeta
1041 2019 1094 2044 aut
1117 2014 1303 2045 adseverare
1328 2013 1502 2044 firmissime
1520 2020 1580 2046 aut.
1594 2014 1709 2056 proba-

143 2071 249 2103 biliter
272 2073 424 2113 suspicari
446 2073 613 2113 possimus,
639 2071 694 2102 sed
717 2077 750 2102 ut
777 2070 952 2102 emendatio
971 2081 1078 2101 eorum
1102 2081 1241 2111 maguam
1266 2069 1380 2100 habeat
1398 2068 1623 2101 difficultatem.
1663 2076 1708 2101 est

145 2129 225 2158 enim
249 2127 433 2168 Propertius
457 2138 531 2158 sane
548 2138 641 2168 quam
662 2129 789 2158 eximius
807 2126 1042 2167 Tibullumque,
1070 2131 1193 2156 tenuem
1212 2131 1241 2156 et
1266 2125 1435 2166 simplicem
1456 2130 1589 2166 poetam,
1614 2126 1709 2157 uber-

144 2188 206 2214 tate
223 2188 253 2214 et
268 2185 425 2220 varietate,
450 2185 640 2224 ingeniosam
658 2182 766 2214 Ovidii
783 2182 938 2213 levitatem
969 2184 1098 2212 veritate
1120 2186 1150 2212 et
1176 2181 1316 2223 pondere
1338 2183 1567 2219 sententiarum,
1592 2187 1710 2213 utrum-

146 2249 207 2280 que
229 2240 340 2269 mentis
365 2237 608 2269 inflammatione
631 2244 661 2269 et
684 2238 809 2269 caelesti
833 2237 886 2268 illo
911 2240 1058 2268 instinctu
1083 2239 1152 2268 siue
1176 2248 1240 2278 quo
1268 2237 1382 2269 Cicero
1400 2247 1492 2277 grave
1516 2237 1709 2278 plenumque

148 2305 270 2325 carmen
300 2293 388 2324 fundi
412 2304 508 2335 posse
531 2299 622 2336 negat
649 2294 741 2336 longe
772 2293 966 2335 multumque
996 2298 1138 2334 superat,
1167 2292 1223 2324 sed
1251 2292 1333 2323 idem
1365 2303 1431 2323 non
1460 2292 1560 2323 audax
1590 2299 1707 2324 tantum

149 2354 194 2381 est
210 2351 242 2380 in
264 2349 373 2391 figuris
396 2355 426 2380 et
450 2349 564 2388 verbis,
588 2360 696 2380 verum
719 2359 812 2391 saepe
833 2347 932 2379 durus
958 2350 1102 2379 oratioue
1127 2354 1155 2379 et
1182 2359 1247 2379 non
1264 2359 1432 2389 numquam
1455 2349 1487 2378 in
1505 2348 1707 2380 conectendis

147 2407 305 2437 sententiis
330 2404 556 2437 subobscurus.
593 2406 635 2435 ita
657 2403 693 2436 fit
716 2410 749 2436 ut
774 2404 856 2435 haud
879 2415 951 2435 raro
976 2403 1154 2435 dubitemus
1180 2409 1282 2435 utrum
1305 2405 1405 2434 minus
1432 2405 1584 2435 concinna
1608 2406 1709 2436 oratio

1349 2459 1406 2491 A?
