2070 2834
1115 132 1136 166 4

350 244 464 281 poetae
488 235 696 269 condonanda
719 236 758 267 sit
780 245 820 266 an
843 233 999 265 emendari
1022 232 1135 264 debeat
1160 243 1249 264 error
1271 232 1480 271 librariorum,
1506 232 1550 264 ibi
1567 239 1670 264 autem
1692 232 1747 264 ubi
1763 232 1909 265 librarios

350 304 469 326 errasse
494 297 611 323 certum
635 297 681 322 est
703 292 851 322 incertior
876 291 914 320 sit
938 300 1030 330 quam
1049 290 1080 319 in
1100 287 1296 330 simplicioris
1321 293 1351 319 et
1374 290 1450 319 tersi
1471 289 1566 330 magis
1581 293 1696 330 poetae
1719 288 1909 320 carminibus

351 348 534 381 emendatio.
570 346 689 377 accedit
713 345 931 386 exemplarium
954 343 1110 382 condicio,
1138 354 1272 384 quorum
1297 354 1377 384 quae
1401 343 1468 374 sola
1487 348 1599 374 certam
1624 346 1842 375 auctoritatem
1857 344 1911 375 ha-

350 404 425 436 bent
447 402 689 444 Neapolitanum
714 406 744 432 et
766 400 1012 441 Groningmum,
1037 410 1146 430 eorum
1169 404 1315 429 neutrum
1342 409 1359 429 a
1375 398 1602 430 mutationibus
1623 398 1662 430 de
1679 399 1831 430 industria
1847 399 1911 431 fac-

348 462 386 490 tis
414 458 546 489 liberum
577 462 636 488 est:
673 455 712 487 de
736 467 798 498 qua
824 466 858 486 re
887 460 957 485 ante
982 455 1038 486 hos
1073 453 1289 496 duodeviginti
1319 465 1440 484 menses
1468 464 1532 485 non
1562 454 1649 485 nulla
1673 454 1911 497 disputavimus.

349 514 445 545 nihilo
470 519 572 544 tamen
594 514 695 543 minus
720 510 874 552 conplura
906 521 986 551 quae
1011 511 1226 551 grammaticos
1249 509 1351 540 adhuc
1374 509 1552 540 fefellerunt
1574 512 1648 541 vitia
1665 515 1718 541 aut
1744 512 1912 542 examinata

350 569 526 610 diligentius
551 569 693 598 carminis
718 568 871 597 sententia
902 571 955 596 aut
981 564 1144 596 codicibus
1167 565 1378 607 Neapolitano
1403 570 1433 596 et
1450 565 1655 607 Groningano
1673 568 1848 597 accuratius
1866 567 1912 597 in-

351 630 397 656 ter
421 635 455 655 se
478 624 653 665 conparatis
674 628 704 653 et
727 621 829 663 detegi
854 627 883 652 et
911 620 1069 651 emendari
1096 626 1238 662 possunt.
1281 631 1317 651 ex
1345 625 1481 662 utroque
1503 631 1617 662 genere
1640 621 1813 663 exemplum
1837 632 1912 664 pro-

350 681 483 721 posituri
513 689 618 709 sumus
647 677 704 708 hac
731 679 909 718 scriptione.
949 687 1030 717 quae
1059 677 1085 707 si
1122 675 1224 707 doctis
1254 675 1432 706 hominibus
1469 675 1620 707 destinata
1647 682 1749 713 esset,
1785 676 1912 718 defungi

350 745 511 776 possemus
535 733 746 774 disputatione
769 732 964 768 brevissima;
996 743 1080 762 nunc
1102 743 1172 762 cuin
1195 731 1360 762 iuvenibus
1383 732 1460 762 haec
1484 730 1658 763 scribamus
1685 731 1842 763 bonarum
1864 732 1913 764 lit-

352 796 489 821 terarum
512 788 669 825 studiosis,
692 788 810 830 planius
835 789 937 818 onmia
961 787 1105 819 videntur
1129 798 1197 818 esse
1222 786 1413 829 explicanda.

451 846 559 886 ltaque
577 843 805 885 disputabimus
829 845 963 884 primum
986 842 1025 873 de
1046 854 1140 873 versu
1166 843 1272 884 aliquo
1294 843 1411 884 elegiae
1433 842 1503 873 libri
1524 844 1614 885 primi
1633 844 1741 874 tertiae
1765 843 1911 882 decimae,

351 911 443 942 quam
466 901 647 941 Propertius
671 901 794 941 scripsit
819 904 872 930 aut
894 898 968 929 dum
993 898 1131 940 Cynthia
1155 899 1238 929 Baiis
1268 898 1531 937 commorabatur,
1557 898 1596 929 ad
1621 909 1712 940 quam
1737 900 1804 929 eius
1828 909 1913 930 com—

350 957 553 986 morationem
578 966 700 986 carmen
723 954 921 985 undecimum
946 955 1089 996 pertinet,
1114 959 1166 985 aut
1189 965 1260 985 cum
1285 954 1347 986 alio
1371 953 1505 985 discidio
1526 953 1565 986 ab
1582 965 1619 986 ea
1640 959 1721 986 esset
1741 959 1911 996 separatus.

352 1013 417 1042 eius
440 1010 557 1053 elegiae
580 1011 642 1042 hoc
665 1015 711 1041 est
736 1011 858 1040 initium

652 1068 708 1102 Tu,
735 1064 823 1109 quod
844 1077 939 1109 saepe
963 1063 1055 1101 soles,
1083 1072 1191 1096 nostro
1211 1064 1373 1096 laetabere
1396 1077 1484 1102 casu,

703 1120 801 1155 Galle,
829 1119 917 1163 quod
938 1120 1072 1164 abrepto
1097 1119 1180 1151 solus
1204 1132 1315 1151 amore
1339 1133 1467 1152 vacem.

651 1184 685 1207 at
708 1188 773 1207 non
797 1177 864 1219 ipse
888 1183 959 1206 tuas
983 1175 1147 1211 imitabor,
1170 1175 1306 1220 perfide,
1333 1188 1450 1207 voces:

689 1231 812 1272 fallere
837 1239 866 1261 te
891 1243 1079 1274 numquam,
1108 1231 1208 1267 Galle,
1229 1231 1340 1275 puella
1364 1231 1457 1263 velit.

651 1286 726 1318 dum
751 1286 811 1317 tibi
832 1285 971 1330 deceptis
995 1287 1242 1330 augeturfama
1263 1287 1391 1330 puellis,

700 1350 803 1373 certus
826 1350 857 1372 et!
880 1344 913 1372 in
937 1341 1023 1372 nullo
1049 1343 1177 1386 quaeris
1201 1355 1311 1373 amore
1335 1354 1471 1379 moram,

647 1396 792 1441 perditus
816 1398 850 1428 ιἰι
874 1396 1016 1441 quadam
1041 1397 1141 1428 tardis
1162 1397 1338 1441 pallescere
1361 1400 1444 1429 curis

702 1454 815 1496 incipis
839 1461 870 1484 et
891 1455 997 1496 primo
1023 1453 1129 1497 lapsus
1154 1452 1244 1484 abire
1267 1453 1383 1496 gradu.

651 1508 728 1540 haec
751 1512 811 1540 eric
835 1509 963 1540 illarum
986 1511 1161 1552 contempti
1179 1521 1289 1552 poena
1312 1509 1444 1546 doloris,

702 1564 874 1595 multarum
898 1566 1030 1595 miseras
1053 1567 1162 1607 exiget
1186 1577 1251 1595 una
1273 1566 1374 1596 vices.

651 1619 729 1650 llaec
753 1620 813 1650 tibi
836 1620 987 1663 viclgares
1012 1622 1088 1651 istos
1111 1629 1287 1664 compescet
1310 1632 1448 1657 amoreS,

705 1688 762 1706 nec
786 1688 876 1706 nova
900 1674 1084 1720 quaerendo
1108 1687 1235 1719 semper
1255 1678 1376 1707 amicus
1399 1677 1471 1707 eris.

650 1730 729 1762 llaec
752 1743 808 1773 ego
833 1743 898 1762 non
923 1743 1049 1762 rumore
1073 1731 1171 1767 malo,
1198 1743 1263 1762 non
1286 1743 1407 1774 augure
1430 1730 1556 1763 doctus:

702 1785 775 1816 vidi
797 1798 874 1829 ego.-
898 1799 947 1817 me
971 1798 1089 1831 quaeso
1115 1794 1191 1817 teste
1215 1798 1332 1830 negare
1352 1788 1470 1830 potes?

353 1843 549 1883 persequitur
570 1841 682 1872 deiude
706 1842 889 1883 Propertius
915 1842 991 1883 quid
1018 1842 1138 1880 viderit,
1165 1844 1194 1872 ni
1219 1844 1329 1873 mirum
1353 1845 1533 1874 amatoriam
1558 1843 1643 1875 Galli
1666 1850 1695 1875 et
1717 1844 1842 1886 puellae
1856 1856 1912 1877 vo-

352 1897 509 1938 luptatem.
544 1896 672 1927 eandem
697 1896 860 1938 descripsit
884 1897 1004 1928 decima
1029 1898 1167 1929 eiusdem
1192 1897 1261 1928 libri
1280 1898 1385 1939 elegia,
1411 1910 1504 1939 quam
1521 1901 1566 1930 sic
1581 1900 1705 1941 incepit,
1730 1903 1757 1932 0
1772 1900 1912 1932 iucunda

352 1954 451 1995 quies,
474 1954 578 1995 primo
604 1964 673 1982 cum
698 1954 783 1982 testis
808 1955 913 1983 amori
937 1953 1113 1993 Adsiieram
1137 1955 1253 1984 vestris
1276 1955 1418 1984 conscius
1435 1956 1469 1985 in
1493 1954 1645 1986 lacrimis.
1684 1955 1738 1986 sed
1758 1955 1911 1988 decimum

352 2007 429 2038 illud
453 2018 575 2038 carmen
599 2009 755 2048 posterius
783 2010 930 2050 scriptum
957 2015 1002 2040 est
1028 2020 1120 2050 quam
1150 2011 1272 2040 tertium
1305 2009 1471 2040 decimum:
1506 2011 1567 2041 hoc
1589 2012 1668 2041 enim
1692 2011 1732 2042 ad
1754 2018 1911 2044 recentem

354 2062 438 2093 Galli
463 2074 596 2093 amorem
626 2065 775 2104 pertinet,
809 2064 960 2095 decimum
987 2076 1109 2095 carmen
1134 2066 1317 2106 Propertius
1342 2066 1413 2096 fecit
1437 2071 1620 2107 postquam,
1646 2072 1679 2097 ut
1703 2066 1842 2103 videtur,
1866 2070 1911 2099 ira

352 2117 454 2158 aliqua
477 2124 611 2149 amantes
635 2118 781 2149 diviserat
805 2126 855 2150 aut
873 2120 967 2150 ardor
992 2120 1115 2161 puellae
1140 2120 1278 2162 paullum
1306 2126 1369 2151 erat
1395 2121 1603 2163 refrigeratus.
1639 2124 1669 2153 in
1685 2122 1829 2153 versibus
1855 2134 1911 2154 au-

352 2178 412 2204 tem
434 2172 491 2203 illis
516 2175 657 2204 carminis
685 2179 823 2215 tempore
847 2177 959 2216 prioris
979 2187 1058 2217 quos
1079 2175 1302 2216 adscripsimus
1320 2187 1413 2207 unum
1435 2183 1481 2208 est
1501 2177 1689 2208 vocabulum
1707 2180 1738 2209 in
1755 2189 1819 2219 quo
1837 2190 1911 2220 pec-

353 2239 440 2258 casse
462 2228 606 2259 librarios
629 2230 835 2270 hominesque
860 2231 971 2261 doctos
989 2231 1068 2262 male
1093 2231 1292 2273 adquievisse
1309 2238 1467 2272 putamus:
1492 2244 1562 2264 nam
1580 2233 1668 2274 quod
1684 2244 1778 2264 versu
1795 2239 1909 2266 octavo

353 2285 501 2324 scriptum
524 2290 588 2314 erat
611 2284 717 2321 adire,
743 2285 772 2315 id
798 2286 865 2316 Itali
890 2289 920 2317 in
949 2286 1085 2317 abeundi
1109 2286 1240 2318 verbum
1266 2289 1435 2318 rectissime
1461 2294 1659 2320 mutaverunt
1683 2289 1842 2331 stulteque
1864 2292 1908 2321 eis

349 2348 415 2369 non
445 2338 522 2369 nulli
550 2350 649 2380 nuper
678 2340 820 2371 oblocuti
849 2348 928 2372 suut.
973 2342 1027 2373 sed
1058 2342 1251 2374 versiculum
1279 2345 1402 2374 tertium
1434 2343 1588 2375 decimum
1614 2356 1761 2386 negamus
1786 2345 1909 2386 qualem

352 2393 424 2425 libri
454 2393 604 2435 praebent
634 2407 652 2425 a
683 2396 849 2438 Propertio
880 2397 975 2428 scribi
1008 2400 1158 2440 potuisse.
1208 2397 1295 2440 quod
1325 2401 1379 2440 qui
1410 2399 1498 2431 solus
1523 2399 1599 2431 vidit
1622 2400 1733 2432 Petrus
1758 2401 1908 2432 Francius
