2070 2834
1103 142 1125 173 b

343 251 531 291 Agamemno
553 244 735 287 Euripidius
759 245 789 274 in
817 242 975 284 Iphigenia
997 242 1028 271 in
1050 238 1164 271 Aulide
1184 250 1213 269 v.
1232 237 1272 270 49
1297 238 1375 269 haec
1396 236 1485 276 dicit,
1509 236 1628 278 ἐγένοντο
1652 233 1739 278 Λήδᾳ
1763 234 1901 267 Θεστιάδι

343 306 415 345 τρεῖς
443 301 592 343 παρθένοι,
615 298 727 340 Φοίβη,
758 296 998 339 Κλυταιμνήστρα
1020 293 1045 325 τ’
1065 292 1118 335 ἐμὴ
1142 292 1284 334 ξυνάορος,
1305 291 1402 333 Ἑλένη
1421 305 1461 323 τε.
1505 291 1688 334 Euripidem
1718 293 1834 333 pariter
1863 302 1901 322 ac

342 359 525 400 Propertius
549 360 675 387 secutus
701 359 747 385 est
771 355 906 384 imitator
930 350 1039 383 Ovidii
1066 352 1099 381 in
1129 348 1262 391 epistula
1286 349 1474 379 Hermionae
1495 359 1525 379 v.
1540 348 1580 381 75
1595 358 1635 378 ss.
1657 353 1762 389 rapta,
1791 347 1901 388 inquit,

344 414 463 446 Helena
486 413 595 443 omnia
620 410 735 446 luctus,
763 409 880 440 Omnia
902 406 1032 438 solliciti
1050 404 1150 449 plena
1172 405 1296 435 timoris
1319 411 1424 435 erant.
1472 401 1588 434 Flebat
1611 414 1687 434 avus
1710 401 1902 446 Phoebeque

344 480 436 501 soror
445 468 633 510 fratresque
653 463 792 508 gemelli,
821 461 944 494 Orabat
966 472 1096 506 superos
1120 458 1209 491 Leda
1231 470 1384 502 suumque
1408 461 1528 491 Iovem.
1558 457 1685 489 codices
1704 456 1748 488 ibi
1766 456 1901 501 phoebi-

345 536 405 568 que
427 523 552 560 habent,
574 520 662 562 quod
686 518 850 561 quomodo
876 516 1092 559 corrigendum
1119 520 1201 546 esset
1224 515 1411 545 Meziriacus
1437 519 1465 545 et
1489 515 1638 544 Heinsius
1661 512 1887 544 intellexerunt.

454 579 535 608 Hinc
559 576 598 607 ad
627 575 711 606 aliud
735 575 892 616 Propertii
914 583 1036 604 carmen
1059 582 1118 602 nos
1143 572 1364 609 convertimus,
1388 572 1420 601 in
1443 580 1508 611 quo
1529 579 1612 610 quae
1638 567 1732 610 vulgo
1756 567 1903 610 leguntur

344 634 480 675 intellegi
501 637 633 674 possunt
658 636 687 662 et
709 641 783 661 vera
805 628 912 667 videri,
934 629 1130 669 Propertium
1153 632 1254 657 autem
1280 625 1374 667 longe
1396 624 1486 656 aliter
1509 625 1674 666 scripsisse
1689 623 1831 665 neglecta
1848 622 1903 654 ad-

295 723 300 730 .
345 690 406 720 huc
428 689 555 729 vestigia
574 697 655 728 quae
679 687 710 717 in
734 684 896 716 codicibus
920 686 1027 715 insunt
1050 681 1213 713 manifesto
1237 681 1353 712 docent
1370 690 1604 723 possumusque
1624 681 1737 721 egregii
1760 680 1903 710 carminis

344 743 518 775 nitidiorem
549 745 720 773 orationem
749 742 935 782 reciperare.
980 749 1051 769 nam
1081 739 1200 779 egregia
1234 737 1378 779 proiecto
1405 741 1450 767 est
1475 735 1573 778 elegia
1595 735 1693 766 ultimi
1716 733 1789 766 libri
1805 736 1903 773 tertia,

348 801 435 830 cuius
457 799 574 841 primos
597 808 707 828 versus
731 795 947 827 adscribimus.

646 855 736 883 Ilaec
760 850 918 882 Arethusa
941 861 996 880 suo
1021 849 1119 879 mittit
1142 847 1300 880 mandata
1325 850 1476 890 Lycotae,

695 919 766 938 cum
790 908 904 937 totiens
929 904 1028 941 absis,
1054 905 1083 935 si
1101 912 1193 948 potes
1216 915 1283 934 esse
1307 915 1407 934 meus.

644 963 737 1006 siqua
761 970 868 993 tamen
893 960 953 991 tibi
976 959 1093 990 lecturo
1114 970 1194 1002 pars
1217 958 1318 990 oblita
1341 957 1454 994 deerit,

696 1018 774 1048 haec
797 1020 858 1048 erit
880 1028 897 1047 e
922 1015 1062 1046 lacrimis
1074 1015 1172 1054 facta
1196 1014 1292 1045 litura
1316 1015 1412 1045 meis:

645 1081 701 1104 aut
723 1075 816 1117 siqua
840 1074 960 1103 incerto
975 1069 1075 1111 fallet
1093 1078 1123 1100 te
1148 1069 1255 1100 littera
1278 1077 1393 1106 tractu,

698 1129 791 1171 signa
815 1139 905 1158 meae
928 1125 1065 1157 dextrae
1089 1127 1155 1156 iam
1178 1126 1342 1156 morientis
1365 1132 1472 1156 erunt.

647 1191 676 1215 te
698 1182 793 1215 modo
818 1181 971 1214 viderunt
994 1183 1125 1213 iteratos
1149 1183 1268 1212 Baclra
1289 1192 1351 1224 per
1372 1188 1471 1217 ortus,

700 1247 729 1270 ze
754 1237 847 1270 modo
871 1239 992 1268 numito
1019 1237 1171 1267 Neuricus
1195 1235 1293 1267 hostis
1316 1247 1410 1280 equo,

648 1294 848 1337 Hiberm‘que
873 1296 980 1328 Getae,
1003 1294 1152 1335 pictoque
1179 1294 1348 1323 Britannia
1370 1302 1476 1328 curru,

698 1357 783 1380 ustus
807 1356 838 1379 et
861 1360 921 1379 eoa
943 1347 1083 1379 discolor
1105 1346 1207 1378 Indus
1230 1359 1329 1391 aqua.

649 1404 767 1436 haecne
791 1406 909 1435 marita
921 1442 924 1447 .
925 1403 1010 1447 fides
1033 1411 1064 1434 et
1084 1410 1201 1447 pactae
1222 1410 1296 1433 sunt
1319 1401 1399 1433 mihi
1421 1410 1539 1439 noctes,

698 1472 768 1491 cum
794 1458 880 1490 ''udis
904 1460 1031 1503 urgenti
1053 1458 1203 1490 bracchia
1226 1459 1316 1489 vieta
1338 1456 1438 1488 dedi?

351 1519 481 1562 pulchra
503 1518 614 1555 omnia,
638 1527 742 1557 neque
764 1526 862 1557 paene
887 1515 1013 1545 ultimus
1036 1525 1145 1545 versus
1162 1524 1218 1555 per
1242 1524 1276 1544 se
1292 1524 1481 1555 magnopere
1500 1513 1643 1555 displicet
1660 1515 1789 1545 traiecto
1806 1513 1905 1546 verbo

352 1574 438 1616 quod
463 1579 509 1604 est
532 1580 613 1603 sunt.
649 1571 703 1602 sed
727 1579 799 1602 sunt
824 1570 900 1601 illud
924 1572 955 1601 in
978 1570 1066 1601 nullo
1091 1572 1180 1600 cuius
1196 1569 1300 1610 aliqua
1322 1569 1401 1600 fides
1425 1574 1472 1599 est
1491 1568 1601 1600 codice
1618 1568 1746 1610 legitur:
1768 1569 1906 1601 additum

353 1636 398 1661 est
424 1631 455 1660 in
479 1627 643 1669 exemplari
667 1628 813 1668 Regiensi
837 1638 854 1656 a
878 1626 1015 1667 Lepido,
1041 1625 1124 1656 unde
1148 1624 1322 1655 Beroaldus
1351 1624 1522 1666 elegantiae
1547 1623 1707 1655 studiosus
1731 1624 1815 1656 hunc
1837 1637 1906 1657 ver-

352 1697 419 1716 sum
443 1687 483 1715 ita
512 1684 726 1720 conformavit,
747 1682 866 1712 haecne
890 1683 1009 1712 marita
1022 1680 1116 1724 fides,
1142 1680 1203 1711 hae
1223 1688 1339 1724 pactae
1362 1687 1436 1711 sunt
1459 1679 1538 1710 mihi
1560 1688 1675 1710 noctes.
1721 1681 1752 1711 iu
1770 1681 1908 1713 Gronin-

353 1751 432 1782 gano
458 1739 567 1770 codice
591 1738 721 1779 aliisque
743 1748 807 1768 nou
830 1737 924 1768 nullis
947 1735 1033 1766 libris
1058 1736 1214 1767 versiculo
1231 1746 1295 1766 non
1315 1735 1410 1777 pleno
1427 1735 1538 1777 legitur
1553 1734 1672 1766 haecne
1688 1737 1806 1766 marita
1817 1735 1907 1779 fides

352 1803 383 1827 et
401 1801 515 1839 pactae
540 1793 619 1825 mihi
641 1801 755 1824 noctes.
801 1792 833 1823 id
857 1791 969 1823 deinde
992 1791 1077 1829 Itali,
1108 1802 1241 1833 quorum
1267 1797 1397 1822 conatus
1422 1791 1493 1822 libri
1522 1790 1608 1822 nulla
1632 1790 1696 1822 fide
1723 1790 1807 1833 digni
1832 1803 1908 1823 con-

354 1854 461 1888 tinent,
484 1850 533 1880 alii
551 1849 639 1880 aliter
665 1848 812 1889 conplere
837 1847 1032 1885 studuerunt,
1056 1849 1167 1889 partim
1193 1849 1373 1878 commentis
1396 1846 1529 1878 rudibus
1543 1852 1572 1877 et
1596 1848 1718 1888 ineptis,
1741 1849 1821 1878 utin
1843 1858 1907 1879 non

354 1906 446 1938 nullis
476 1904 638 1936 codicibus
667 1906 814 1945 scriptum
847 1909 892 1933 est
915 1911 945 1933 et
972 1911 1111 1946 pacatae
1134 1902 1214 1933 mihi
1235 1910 1357 1939 noctes,
1381 1904 1492 1944 partim
1525 1902 1644 1939 melius,
1668 1901 1760 1943 quale
1777 1908 1823 1933 est
1846 1902 1907 1934 hae

355 1973 430 1993 num
450 1967 564 2005 pactae
588 1959 668 1991 mihi
690 1967 804 1990 noctes.
852 1958 966 2000 quibus
990 1963 1161 1999 praestaret
1184 1957 1271 1999 quod
1296 1958 1497 1989 Lachmanno
1522 1959 1553 1988 in
1576 1962 1708 1989 mentem
1732 1960 1824 1996 veuit,
1845 1958 1907 1990 hae

351 2024 466 2060 pactae
490 2029 510 2046 a
534 2024 564 2046 te
587 2014 667 2046 mihi
688 2022 808 2052 noctes,
839 2017 897 2045 nisi
926 2013 1004 2044 illud
1034 2015 1124 2044 etiam
1155 2013 1235 2044 mihi
1258 2014 1332 2044 olim
1356 2024 1421 2044 non
1444 2013 1557 2044 lectum
1585 2024 1653 2044 esse
1676 2013 1907 2054 Neapolitanus

354 2071 434 2103 liber
450 2071 635 2109 ostenderet,
658 2072 688 2101 in
710 2081 774 2111 quo
798 2070 847 2100 hic
870 2080 977 2100 versus
1001 2071 1042 2100 ita
1066 2071 1199 2111 scriptus
1216 2075 1271 2106 est,
1293 2069 1413 2100 haecne
1434 2071 1552 2100 marita
1563 2067 1652 2111 sides
1669 2075 1700 2099 et
1713 2079 1810 2112 parce
1833 2070 1908 2100 avia

356 2135 473 2158 noctes.
511 2132 539 2157 et
560 2138 658 2170 parce
683 2125 808 2167 quidem
833 2127 909 2166 quin
931 2124 1007 2155 nihil
1032 2124 1115 2155 aliud
1139 2126 1177 2155 sit
1200 2136 1291 2166 quam
1316 2124 1403 2165 quod
1432 2127 1462 2155 in
1486 2124 1692 2165 Groningano
1715 2123 1798 2155 libro
1823 2130 1908 2156 recte

357 2184 503 2223 scriptum
528 2187 574 2212 est
594 2189 709 2224 pactae
735 2192 798 2212 non
821 2180 945 2211 videtur
967 2190 1063 2222 posse
1085 2179 1236 2216 dubitari;
1260 2179 1346 2221 quod
1362 2180 1442 2211 idem
1469 2180 1692 2221 Groninganus
1713 2179 1794 2210 liber
1815 2179 1909 2211 habet

357 2237 452 2273 mihi,
481 2237 512 2267 id
537 2248 595 2278 pro
619 2237 728 2267 litteris
751 2236 810 2267 illis
832 2237 917 2272 avia,
943 2246 1024 2277 quae
1054 2235 1189 2277 intellegi
1220 2241 1393 2277 nequeunt,
1418 2235 1548 2266 similive
1570 2234 1683 2266 mendo
1705 2234 1777 2265 rudi
1805 2246 1908 2266 emen-

358 2291 450 2323 dandi
472 2294 614 2322 carminis
638 2298 753 2323 conatu
775 2291 975 2322 substitutum
1000 2302 1067 2322 esse
1090 2297 1119 2321 et
1140 2302 1196 2333 per
1221 2302 1254 2322 se
1282 2291 1431 2322 credibile
1456 2296 1502 2321 est
1525 2293 1642 2332 (neque
1667 2292 1745 2321 enim
1772 2301 1807 2321 ex
1829 2290 1909 2322 mihi

359 2347 425 2378 fieri
450 2349 551 2388 potuit
571 2349 659 2388 avia)
683 2353 713 2378 et
736 2348 930 2378 manifestum
957 2348 1013 2377 erit
1037 2349 1063 2377 si
1086 2357 1120 2377 ex
1145 2346 1204 2377 illis
1228 2346 1427 2387 Neapolitani
1452 2346 1632 2388 exemplaris
1656 2345 1766 2377 litteris
1792 2357 1828 2377 ea
1853 2345 1908 2377 eli-

359 2405 479 2433 cientur
505 2414 586 2444 quae
608 2404 771 2444 Propertio
798 2402 975 2444 dignissima
996 2407 1075 2433 suut.
1123 2401 1199 2444 quid
1221 2401 1334 2433 multa?
1358 2403 1482 2444 scripsit
1505 2406 1598 2444 poeta
