2070 2834
1109 141 1153 175 10

354 248 574 278 Lusitanorum
600 244 700 289 bezjo,
731 248 761 275 et
787 253 868 285 quae
891 242 962 273 inde
987 241 1067 272 fiunt
1095 241 1206 272 verba:
1231 239 1318 271 verbi
1341 240 1429 282 quod
1456 245 1501 271 est
1525 239 1635 272 baiser
1654 240 1811 271 infinitivo
1835 239 1920 272 Galli

354 314 414 345 pro
435 301 630 333 substantivo
654 301 780 331 nomine
804 303 943 335 utuntur,
966 296 1169 337 similiterque
1190 295 1258 326 Itali
1281 306 1346 327 non
1370 306 1537 337 numquam
1559 295 1667 327 dicunt
1687 295 1712 326 il
1734 295 1874 328 baciare.

465 358 556 399 Quae
578 360 738 397 postremo
762 354 894 385 diximus
913 351 1034 383 adiecta
1057 363 1072 382 a
1093 351 1185 382 nobis
1203 357 1276 382 sunt
1294 362 1357 382 non
1375 353 1463 393 quasi
1481 362 1564 382 nova
1582 356 1611 382 et
1628 354 1784 393 incognita
1805 356 1920 392 essent,

356 415 411 447 sed
437 420 470 445 ut
491 413 561 444 data
584 412 640 442 hac
660 412 828 442 occasione
853 411 991 446 iuvenes,
1019 407 1135 449 quibus
1157 407 1234 438 haec
1257 406 1432 445 scribimus,
1460 418 1658 438 moneremus
1684 418 1722 438 ne
1743 409 1773 439 in
1795 409 1923 450 perqui-

355 469 453 502 renda
474 470 575 500 Latini
599 468 750 497 sermonis
773 467 921 496 varietate
947 475 1052 494 earum
1070 463 1245 504 linguarum
1270 473 1351 504 quae
1374 473 1409 493 ex
1430 463 1539 493 Latina
1564 469 1650 494 ortae
1677 468 1749 494 sunt
1768 474 1922 505 conpara-

356 527 471 557 tionem
495 526 652 555 omittant:
686 532 748 563 qua
772 520 912 562 neglecta
936 519 1050 550 factum
1073 523 1120 549 est
1144 529 1208 549 non
1233 528 1404 559 numquam
1434 524 1467 549 ut
1495 518 1545 549 vel
1576 518 1749 550 doctissimi
1779 519 1921 551 homines

356 583 388 612 in
412 590 548 612 errorem
572 577 805 609 inducerentur.
851 575 1002 606 accidisse
1019 574 1050 604 id
1071 580 1215 616 putamus
1237 573 1398 605 Friderico
1411 575 1583 606 Bitschelio
1603 576 1633 605 in
1656 585 1691 605 ea
1708 574 1923 616 disputatione

357 647 449 678 quam
463 636 565 666 Musei
578 633 758 676 philologici
778 633 826 662 sui
845 637 932 661 tomo
944 639 1014 661 vnn
1027 641 1055 671 p.
1075 632 1133 660 158
1154 631 1294 660 inseruit.
1327 641 1397 661 nam
1417 630 1503 672 quod
1522 630 1650 661 Plautus
1671 632 1702 661 in
1724 630 1921 662 Truculento

357 701 375 723 v
390 692 429 723 56
449 690 532 727 dixit,
556 688 681 720 meliust
705 695 734 719 te
758 688 852 718 minis
877 694 1000 717 certare
1024 697 1145 716 mecum
1169 697 1266 729 quam
1291 686 1449 722 minaciis,
1478 688 1627 717 existimat
1652 685 1842 717 Ritschelius
1863 687 1924 718 mi-

357 747 524 778 naciarum
548 743 738 775 vocabulum
764 742 909 773 Plautum
934 746 967 771 ut
991 741 1097 771 verbis
1122 740 1243 771 luderet
1265 741 1393 772 finxisse
1412 743 1474 772 ioci
1494 741 1626 779 licentia,
1648 741 1845 773 transtulisse
1867 753 1925 773 au-

357 808 418 834 tem
441 801 472 833 id
492 799 679 832 vocabulum
701 804 822 829 veteres
842 796 996 839 quosdam
1017 796 1228 827 plautinarum
1251 796 1426 827 fabularum
1442 808 1507 828 nou
1531 802 1591 828 tam
1610 804 1806 828 correctores
1830 809 1925 839 quam

359 862 562 899 corruptores
587 867 623 886 ex
647 855 708 886 hoc
734 865 828 884 versu
853 855 883 884 in
908 852 989 884 duos
1016 852 1092 883 alios
1124 851 1262 882 eiusdem
1291 857 1403 893 poetae
1431 853 1615 884 versiculos.
1662 865 1731 884 nam
1763 855 1794 884 in
1825 853 1925 885 Milite

359 914 415 944 114
429 915 480 951 2'1,
503 912 556 943 ubi
579 910 713 942 inlibris
738 909 870 951 vulgatis
895 910 1044 950 scriptum
1064 913 1110 938 est
1142 919 1206 938 non
1232 907 1312 938 milti
1329 916 1465 951 possunt
1483 910 1629 940 minaciis
1655 911 1716 941 tuis
1733 907 1818 940 hisce
1841 908 1926 940 oculi

348 967 468 1009 fodiri,
501 978 594 1010 quem
621 977 744 996 versum
768 964 974 996 Godofredus
999 965 1194 994 Hermaunus
1220 963 1379 994 meliorem
1407 963 1542 994 reddidit
1568 963 1738 995 scribendo
1762 975 1828 995 non
1848 976 1924 1007 pos-

359 1031 432 1055 sunt
455 1024 516 1055 tuis
540 1023 685 1054 minaciis
709 1020 777 1052 llice
801 1019 886 1051 oculi
912 1021 958 1050 mi
979 1018 1127 1059 ecfodiri,
1155 1030 1225 1050 cum
1252 1019 1332 1050 liber
1355 1019 1577 1061 palimpsestus
1604 1020 1700 1050 minis
1724 1020 1785 1050 tuis
1812 1019 1926 1052 habeat

359 1082 497 1121 itemque
519 1077 673 1118 exfbdiri,
699 1083 788 1107 vetus
811 1082 913 1106 autem
935 1075 1105 1107 Camerarii
1128 1075 1228 1105 codex
1250 1083 1384 1118 possunt
1408 1075 1488 1106 milii
1509 1082 1538 1106 et
1559 1081 1691 1116 uterque
1709 1074 1793 1106 lzisce
1817 1075 1925 1114 oculis,

361 1135 512 1176 adparere
534 1133 684 1164 fallaciam
711 1143 772 1173 qua
796 1132 942 1161 minaciis
966 1130 1093 1161 inlatum
1113 1132 1165 1160 sit:
1193 1130 1393 1161 scribendum
1419 1132 1500 1161 enim
1523 1142 1674 1162 essenon
1694 1139 1831 1174 possunt
1846 1131 1927 1163 mihi

361 1191 456 1221 minis
493 1191 553 1220 tuis
587 1188 671 1219 hisce
704 1186 802 1218 oculis
830 1185 975 1225 eoefodiri
1004 1186 1309 1227 adgnoscendasque
1337 1192 1476 1217 vetustas
1508 1188 1772 1217 nominativorum
1810 1186 1925 1218 formas

362 1246 444 1277 hisce
468 1244 575 1276 oculis.
622 1243 735 1274 deinde
761 1244 791 1272 in
815 1241 961 1272 Rudente
975 1252 1011 1273 111
1026 1244 1042 1273 5
1063 1244 1099 1272 16
1124 1253 1193 1272 cum
1219 1242 1292 1272 olim
1315 1241 1470 1284 legeretur
1486 1243 1642 1273 minucias
1658 1253 1715 1285 ego
1733 1243 1810 1273 istas
1825 1244 1928 1286 flocci

363 1313 428 1332 non
448 1302 539 1340 fizcio
569 1308 651 1335 tuas,
686 1300 827 1329 Rcizium
853 1303 937 1328 recte
967 1300 1130 1340 scripsisse
1161 1300 1283 1333 minus,
1317 1298 1403 1339 quod
1430 1300 1458 1328 in
1481 1298 1685 1340 palimpsesto
1708 1299 1746 1328 sit
1769 1299 1926 1330 minucias

363 1368 420 1400 ego
439 1358 536 1393 flocci
563 1367 627 1386 non
645 1354 775 1395 faciam
805 1362 894 1389 tuas,
922 1355 952 1383 in
977 1365 1015 1384 eo
1040 1355 1163 1391 faciam
1187 1353 1313 1395 quidem
1341 1360 1562 1384 conservatum
1590 1364 1659 1384 esse
1684 1364 1718 1384 ex
1742 1355 1873 1395 antiquo
1898 1359 1928 1386 et

364 1411 468 1454 probo
494 1411 674 1451 exemplari,
706 1410 761 1441 sed
783 1411 860 1441 istas
884 1409 1020 1440 deletum
1045 1420 1114 1439 esse
1136 1408 1175 1439 ab
1207 1420 1244 1440 eo
1267 1411 1320 1450 qui
1345 1420 1470 1440 versum
1492 1421 1585 1451 quem
1605 1410 1806 1440 minaciarum
1831 1421 1927 1441 voca-

365 1467 441 1498 bulo
460 1466 663 1507 depravatum
688 1468 859 1507 accepisset
884 1465 989 1507 aliquo
1016 1464 1111 1495 modo
1139 1464 1306 1495 emendare
1330 1465 1432 1496 vellet.
1468 1465 1554 1507 quod
1570 1465 1664 1495 nobis
1684 1464 1839 1496 lubricum
1858 1476 1928 1497 esse

365 1522 489 1553 videtur
515 1533 611 1564 genus
639 1521 827 1562 disputandi.
875 1532 944 1551 nam
976 1523 1005 1551 in
1034 1521 1142 1551 Militis
1175 1520 1301 1562 quidem
1328 1532 1421 1551 versu
1445 1521 1634 1563 palimpsesti
1657 1520 1727 1551 libri
1752 1523 1929 1553 auctoritati

367 1580 489 1609 minime
512 1588 728 1619 repugnamus,
752 1579 809 1607 nisi
831 1577 917 1617 quod
941 1576 1056 1607 nullam
1077 1588 1200 1607 causam
1225 1588 1293 1607 esse
1315 1576 1491 1607 videbimus
1517 1587 1573 1607 cur
1589 1578 1735 1608 minaciis
1761 1578 1867 1619 potius
1894 1589 1930 1608 ex

368 1633 553 1664 Truculenti
578 1644 671 1663 versu
701 1643 793 1674 quam
827 1644 859 1663 ex
885 1632 1005 1673 vulgari
1035 1643 1178 1663 sermone
1207 1637 1362 1674 sumptum
1393 1638 1550 1674 putemus:
1577 1632 1632 1662 sed
1657 1631 1789 1663 eundem
1815 1632 1929 1664 librum

369 1691 456 1721 etiam
492 1691 521 1719 in
557 1688 704 1719 Rudente
737 1688 931 1729 sequendum
967 1699 1036 1718 esse
1062 1690 1277 1718 existimamus.
1330 1689 1387 1718 etsi
1420 1689 1499 1718 enim
1538 1687 1729 1719 Ritschclius
1758 1688 1930 1730 prudenter

367 1745 534 1786 multisque
571 1743 717 1785 exemplis
755 1743 861 1774 docuit
895 1754 934 1774 ne
964 1743 1003 1774 ab
1033 1744 1092 1773 hoc
1128 1743 1253 1784 quidem
1287 1743 1368 1774 libro
1400 1754 1522 1774 errores
1560 1743 1672 1774 abesse
1714 1743 1930 1775 librariorum-

370 1812 432 1842 que
463 1805 515 1831 aut
542 1802 807 1841 grammaticorum
835 1805 1023 1836 commenta,
1046 1804 1148 1829 tamen
1175 1801 1241 1830 sine
1265 1801 1443 1841 gravissima
1467 1809 1561 1829 causa
1584 1801 1650 1830 eius
1676 1801 1846 1830 auctoritas
1866 1810 1930 1831 non

370 1856 494 1888 videtur
520 1867 588 1886 esse
616 1855 855 1892 contemnenda,
882 1866 921 1885 ne
946 1855 1157 1885 Plautinarum
1182 1854 1356 1885 fabularum
1379 1854 1615 1893 emendationis,
1637 1854 1797 1897 praeclare
1820 1867 1837 1886 a
1862 1856 1931 1887 Rit-

370 1911 486 1943 schelio
503 1912 667 1942 incohatae
690 1911 746 1942 sed
771 1911 965 1941 multifariam
989 1910 1165 1952 ambiguae,
1186 1910 1355 1941 difficultas
1378 1917 1528 1953 augeatur
1548 1916 1577 1941 et
1601 1913 1703 1943 omnia
1728 1910 1805 1941 fiant
1830 1912 1931 1942 incer—

371 1969 494 1998 tissima.
539 1973 684 2008 putamus
708 1972 808 1997 autem
833 1967 883 1996 hic
906 1968 972 1997 sine
996 1977 1090 1996 causa
1114 1968 1280 1997 contemni.
1327 1977 1396 1997 nam
1422 1972 1455 1997 ut
1479 1966 1518 1997 ab
1535 1965 1651 1997 audaci
1666 1967 1849 1997 contumaci
1862 1965 1931 2009 effi-

370 2024 439 2054 caci
450 2022 571 2063 fallaci
590 2021 708 2065 pellaci
726 2023 888 2065 pertinaci
905 2023 1067 2065 pervicaci
1083 2021 1162 2051 fiunt
1178 2021 1316 2052 audacia
1332 2023 1533 2053 contumacia
1549 2021 1694 2064 efficacia
1711 2021 1848 2062 fallacia
1861 2021 1932 2065 pel-

372 2078 455 2109 lacia
475 2078 656 2121 pertinacia
677 2078 870 2120 pervicacia,
899 2089 915 2107 a
932 2078 1039 2107 tenaci
1054 2077 1229 2107 Ennianum
1251 2079 1390 2113 tenacia,
1418 2078 1633 2108 Ausonianum
1647 2079 1801 2120 procacia
1818 2088 1834 2107 a
1854 2089 1932 2121 pro-

371 2136 450 2170 caci,
477 2135 517 2163 ita
540 2144 603 2163 non
624 2134 732 2163 mirum
751 2138 796 2162 est
812 2135 837 2162 si
862 2143 877 2162 a
896 2134 1016 2163 minaci
1035 2132 1221 2163 dicebantur
1238 2134 1407 2169 minaciae,
1429 2143 1495 2163 non
1517 2134 1588 2163 ioco
1606 2132 1751 2163 Plautino
1771 2132 1828 2163 sed
1846 2133 1931 2175 vulgi

374 2188 618 2220 consuetudine:
643 2199 712 2218 nam
738 2187 852 2229 plurali
876 2199 1007 2218 numero
1032 2188 1145 2218 similes
1171 2187 1425 2227 suntfhllaciae.
1472 2199 1577 2230 neque
1604 2192 1707 2229 potest
1729 2187 1807 2219 illud
1838 2200 1933 2220 voca-

374 2245 481 2276 bulum
512 2245 639 2275 Plautus
668 2243 804 2274 finxisse.
853 2243 928 2284 quid
954 2246 1055 2274 enim?
1092 2243 1312 2285 putabimusne
1343 2254 1378 2274 ex
1403 2254 1467 2274 uno
1497 2255 1591 2275 versu
1618 2242 1829 2285 singularique
1859 2245 1932 2276 ioco

376 2299 475 2329 Plauti
498 2301 625 2329 transire
648 2301 791 2340 potuisse
815 2301 845 2329 in
864 2310 915 2329 eas
941 2299 1059 2341 linguas
1087 2310 1195 2329 omnes
1220 2310 1301 2340 quae
1324 2310 1360 2329 ex
1386 2300 1494 2330 Latina
1520 2301 1668 2341 originem
1690 2298 1865 2330 duxerunt?
1889 2306 1933 2331 at-

375 2357 428 2395 qui
451 2353 588 2385 Italicum
615 2360 659 2385 est
681 2355 849 2391 minaccia,
874 2354 1071 2385 provinciale
1095 2366 1253 2391 menassa,
1291 2355 1463 2396 Hispanum
1486 2366 1658 2391 amenaza,
1686 2354 1841 2386 Gallicum
1867 2367 1933 2386 me-
